@article{bhabadobject,
  title={Object Detection for Night Vision using Deep Learning Algorithms},
  author={Bhabad, Dipali and Kadam, Surabhi and Malode, Tejal and Shinde, Girija and Bage, Dipak}
}

@article{wang2023comprehensive,
  title={A comprehensive survey on object detection YOLO},
  author={Wang, Xiangheng and Li, Hengyi and Yue, Xuebin and Meng, Lin},
  journal={Proceedings http://ceur-ws. org ISSN},
  volume={1613},
  pages={0073},
  year={2023}
}

@article{hussain2023yolo,
  title={YOLO-v1 to YOLO-v8, the Rise of YOLO and Its Complementary Nature toward Digital Manufacturing and Industrial Defect Detection},
  author={Hussain, Muhammad},
  journal={Machines},
  volume={11},
  number={7},
  pages={677},
  year={2023},
  publisher={MDPI}
}

@article{guo2023improved,
  title={An improved YOLO v4 used for grape detection in unstructured environment},
  author={Guo, Canzhi and Zheng, Shiwu and Cheng, Guanggui and Zhang, Yue and Ding, Jianning},
  journal={Frontiers in Plant Science},
  volume={14},
  year={2023},
  publisher={Frontiers Media SA}
}

@article{terven2023comprehensive,
  title={A comprehensive review of YOLO: From YOLOv1 to YOLOv8 and beyond},
  author={Terven, Juan and Cordova-Esparza, Diana},
  journal={arXiv preprint arXiv:2304.00501},
  year={2023}
}

@inproceedings{redmon2016you,
  title={You only look once: Unified, real-time object detection},
  author={Redmon, Joseph and Divvala, Santosh and Girshick, Ross and Farhadi, Ali},
  booktitle={Proceedings of the IEEE conference on computer vision and pattern recognition},
  pages={779--788},
  year={2016}
}

@article{lakshmi2021fire,
  title={Fire detection using Image processing},
  author={Lakshmi, B Swarajya},
  journal={Asian Journal of Computer Science and Technology},
  volume={10},
  number={2},
  pages={14--19},
  year={2021}
}

@article{chandana2022real,
  title={Real time object detection system with YOLO and CNN models: A review},
  author={Chandana, RK and Ramachandra, AC},
  journal={arXiv preprint arXiv:2208.00773},
  year={2022}
}

@article{ashraf2022weapons,
  title={Weapons detection for security and video surveillance using cnn and YOLO-v5s},
  author={Ashraf, Abdul Hanan and Imran, Muhammad and Qahtani, Abdulrahman M and Alsufyani, Abdulmajeed and Almutiry, Omar and Mahmood, Awais and Attique, Muhammad and Habib, Mohamed},
  journal={CMC-Comput. Mater. Contin},
  volume={70},
  pages={2761--2775},
  year={2022}
}

@article{liu2020yolo,
  title={YOLO-tomato: A robust algorithm for tomato detection based on YOLOv3},
  author={Liu, Guoxu and Nouaze, Joseph Christian and Touko Mbouembe, Philippe Lyonel and Kim, Jae Ho},
  journal={Sensors},
  volume={20},
  number={7},
  pages={2145},
  year={2020},
  publisher={MDPI}
}

@article{liu2023yolo,
  title={YOLO-GW: Quickly and Accurately Detecting Pedestrians in a Foggy Traffic Environment},
  author={Liu, Xinchao and Lin, Yier},
  journal={Sensors},
  volume={23},
  number={12},
  pages={5539},
  year={2023},
  publisher={MDPI}
}
@article{liu2023cast,
  title={CAST-YOLO: An Improved YOLO Based on a Cross-Attention Strategy Transformer for Foggy Weather Adaptive Detection},
  author={Liu, Xinyi and Zhang, Baofeng and Liu, Na},
  journal={Applied Sciences},
  volume={13},
  number={2},
  pages={1176},
  year={2023},
  publisher={MDPI}
}

@inproceedings{li2022vehicle,
  title={Vehicle detection in foggy weather based on an enhanced YOLO method},
  author={Li, Wei},
  booktitle={Journal of Physics: Conference Series},
  volume={2284},
  number={1},
  pages={012015},
  year={2022},
  organization={IOP Publishing}
}